@article{BT,
  author    = {Michele Colledanchise and
               Petter {\"{O}}gren},
  title     = {Behavior Trees in Robotics and {AI:} An Introduction},
  journal   = {CoRR},
  volume    = {abs/1709.00084},
  year      = {2017},
  url       = {http://arxiv.org/abs/1709.00084},
  eprinttype = {arXiv},
  eprint    = {1709.00084},
  timestamp = {Mon, 13 Aug 2018 16:47:59 +0200},
  biburl    = {https://dblp.org/rec/journals/corr/abs-1709-00084.bib},
  bibsource = {dblp computer science bibliography, https://dblp.org}
},
@INPROCEEDINGS{NEAT,
  author={Stanley, K.O. and Miikkulainen, R.},
  booktitle={Proceedings of the 2002 Congress on Evolutionary Computation. CEC'02 (Cat. No.02TH8600)}, 
  title={Efficient evolution of neural network topologies}, 
  year={2002},
  volume={2},
  number={},
  pages={1757-1762 vol.2},
  doi={10.1109/CEC.2002.1004508}
}

@article{DEEPQL,
  author    = {Kai Arulkumaran and
               Marc Peter Deisenroth and
               Miles Brundage and
               Anil Anthony Bharath},
  title     = {A Brief Survey of Deep Reinforcement Learning},
  journal   = {CoRR},
  volume    = {abs/1708.05866},
  year      = {2017},
  url       = {http://arxiv.org/abs/1708.05866},
  eprinttype = {arXiv},
  eprint    = {1708.05866},
  timestamp = {Mon, 13 Aug 2018 16:46:01 +0200},
  biburl    = {https://dblp.org/rec/journals/corr/abs-1708-05866.bib},
  bibsource = {dblp computer science bibliography, https://dblp.org}
}